@article{seforo2014currency,
	title={Currency and FOREX trading in the 21st century: bitcoin: features-interest},
	author={Seforo, Lesedi},
	journal={TaxTalk},
	publisher={TaxTalk}
}
@article{lamport2001paxos,
	title={Paxos made simple},
	author={Lamport, Leslie and others},
	journal={ACM Sigact News},
	year={2001}
}
@article{percival2009stronger,
	title={Stronger key derivation via sequential memory-hard functions},
	author={Percival, Colin},
	journal={Self-published},
	pages={1--16},
	year={2009}
}

@article{keidar2001cost,
	title={On the cost of fault-tolerant consensus when there are no faults: preliminary version},
	author={Keidar, Idit and Rajsbaum, Sergio},
	journal={ACM SIGACT News},
	year={2001},
	publisher={ACM}
}
@article{fischer1985impossibility,
	title={Impossibility of distributed consensus with one faulty process},
	author={Fischer, Michael J and Lynch, Nancy A and Paterson, Michael S},
	journal={Journal of the ACM (JACM)},
	year={1985},
	publisher={ACM}
}
@incollection{peters2016understanding,
	title={Understanding Modern Banking Ledgers through Blockchain Technologies: Future of Transaction Processing and Smart Contracts on the Internet of Money},
	author={Peters, Gareth W and Panayi, Efstathios},
	booktitle={Banking Beyond Banks and Money},
	pages={239--278},
	year={2016},
	publisher={Springer}
}
@inproceedings{bonneau2015sok,
	title={Sok: Research perspectives and challenges for  and cryptocurrencies},
	author={Bonneau, Joseph and Miller, Andrew and Clark, Jeremy and Narayanan, Arvind and Kroll, Joshua A and Felten, Edward W},
	booktitle={Security and Privacy (SP), 2015 IEEE Symposium on},
	pages={104--121},
	year={2015},
	organization={IEEE}
}
@book{tanenbaum2007sistemi,
	title={Sistemi distribuiti. Principi e paradigmi},
	author={Tanenbaum, Andrew S and Van Steen, Maarten},
	year={2007},
	publisher={Pearson Italia Spa}
}
@article{nakamoto2008bitcoin,
	title={Bitcoin: A peer-to-peer electronic cash system},
	author={Nakamoto, Satoshi},
	year={2008}
}

@article{slimecoinWhitepaper,
	title={Slimcoin: A Peer-to-Peer Crypto-Currency with Proof-of-Burn},
	author={P4Titan},
	year={2014},
	howpublished= {\url{http://www.slimcoin.club/whitepaper.pdf}}
}
@article{bmoney,
	title={Bmoney e la crypto-anarchy},
	author={Wei Dai},
	year={2008},
	url={http://www.weidai.com/bmoney.txt}
}

@online{nakamotoinstitute,
	ALTauthor = {author},
	title = {Nakamoto Institute},
	date = {24/02/2017},
	url = {http://nakamotoinstitute.org},
	howpublished = {\url{http://nakamotoinstitute.org}},
	OPTsubtitle = {subtitle},
	OPTtitleaddon = {titleaddon},
	OPTlanguage = {language},
	OPTversion = {version},
	OPTnote = {note},
	OPTorganization = {organization},
	OPTaddendum = {addendum},
	OPTpubstate = {pubstate},
	OPTurldate = {urldate},
}
@article{back2007hashcash,
	title={Hashcashâ€”a denial of service counter-measure, 2002},
	author={Back, Adam and others},
	journal={Available from World Wide Web: http://www. hashcash. org/papers/hashcash. pdf},
	year={2007}
}
@inproceedings{liu2006proof,
	title={Proof of Work can Work.},
	author={Liu, Debin and Camp, L Jean},
	booktitle={WEIS},
	year={2006}
}
@inproceedings{massias1999design,
	title={Design of a secure timestamping service with minimal trust requirement},
	author={Massias, H and Avila, X Serret and Quisquater, J-J},
	booktitle={the 20th Symposium on Information Theory in the Benelux},
	year={1999},
	organization={Citeseer}
}

@article{wood2014ethereum,
	title={Ethereum: A secure decentralised generalised transaction ledger},
	author={Wood, Gavin},
	journal={Ethereum Project Yellow Paper},
	volume={151},
	year={2014}
}

@article{fromknecht2014certcoin,
	title={CertCoin: A namecoin based decentralized authentication system},
	author={Fromknecht, Conner and Velicanu, Dragos and Yakoubov, Sophia},
	journal={Massachusetts Inst. Technol., Cambridge, MA, USA, Tech. Rep},
	volume={6},
	year={2014}
}

@misc{yellowpaperethereum,
	title={Ethereum Yellow Paper},
	author={Wood, Gavin},
	year={2014}
}

@misc{whitepaperethereum,
	title={Ethereum white paper},
	author={Buterin, Vitalik and others},
	year={2013}
}



