@inproceedings{bonneau2015sok,
	title={Sok: Research perspectives and challenges for bitcoin and cryptocurrencies},
	author={Bonneau, Joseph and Miller, Andrew and Clark, Jeremy and Narayanan, Arvind and Kroll, Joshua A and Felten, Edward W},
	booktitle={Security and Privacy (SP), 2015 IEEE Symposium on},
	pages={104--121},
	year={2015},
	organization={IEEE}
}
@book{tanenbaum2007sistemi,
	title={Sistemi distribuiti. Principi e paradigmi},
	author={Tanenbaum, Andrew S and Van Steen, Maarten},
	year={2007},
	publisher={Pearson Italia Spa}
}
@article{nakamoto2008bitcoin,
	title={Bitcoin: A peer-to-peer electronic cash system},
	author={Nakamoto, Satoshi},
	year={2008}
}
@article{bitmark,
	title={Bitmark},
	year={2017},
	url={https://bitmark.com }
}

@online{nakamotoinstitute,
	ALTauthor = {author},
	title = {Nakamoto Institute},
	date = {24/02/2017},
	url = {http://nakamotoinstitute.org},
	OPTsubtitle = {subtitle},
	OPTtitleaddon = {titleaddon},
	OPTlanguage = {language},
	OPTversion = {version},
	OPTnote = {note},
	OPTorganization = {organization},
	OPTaddendum = {addendum},
	OPTpubstate = {pubstate},
	OPTurldate = {urldate},
}
@article{back2007hashcash,
	title={Hashcashâ€”a denial of service counter-measure, 2002},
	author={Back, Adam and others},
	journal={Available from World Wide Web: http://www. hashcash. org/papers/hashcash. pdf},
	year={2007}
}
@inproceedings{liu2006proof,
	title={Proof of Work can Work.},
	author={Liu, Debin and Camp, L Jean},
	booktitle={WEIS},
	year={2006}
}
@inproceedings{massias1999design,
	title={Design of a secure timestamping service with minimal trust requirement},
	author={Massias, H and Avila, X Serret and Quisquater, J-J},
	booktitle={the 20th Symposium on Information Theory in the Benelux},
	year={1999},
	organization={Citeseer}
}

@article{wood2014ethereum,
	title={Ethereum: A secure decentralised generalised transaction ledger},
	author={Wood, Gavin},
	journal={Ethereum Project Yellow Paper},
	volume={151},
	year={2014}
}


